<?xml version="1.0" encoding="utf-8"?>
<record xmlns="http://www.loc.gov/MARC21/slim" xmlns:xsi="http://www.w3.org/2001/XMLSchema-instance" xsi:schemaLocation="http://www.loc.gov/MARC21/slim http://www.loc.gov/standards/marcxml/schema/MARC21slim.xsd">
	<leader>
		02664nam a2200385   4500
	</leader>
	<controlfield tag="001">
		001658793
	</controlfield>
	<controlfield tag="003">
		NNU
	</controlfield>
	<controlfield tag="006">
		m        d        
	</controlfield>
	<controlfield tag="007">
		cr cn |||m|||a
	</controlfield>
	<controlfield tag="008">
		160223m19261937le a    ob    001 0 arar 
	</controlfield>
	<datafield ind1=" " ind2=" " tag="040">
		<subfield code="a">
			NNU
		</subfield>
		<subfield code="b">
			eng
		</subfield>
		<subfield code="c">
			NNU
		</subfield>
	</datafield>
	<datafield ind1=" " ind2=" " tag="043">
		<subfield code="a">
			aw-----
		</subfield>
	</datafield>
	<datafield ind1="0" ind2=" " tag="050">
		<subfield code="a">
			BX4711.32
		</subfield>
		<subfield code="b">
			.W37
		</subfield>
	</datafield>
	<datafield ind1=" " ind2=" " tag="066">
		<subfield code="c">
			(3
		</subfield>
	</datafield>
	<datafield ind1=" " ind2=" " tag="090">
		<subfield code="a">
			BX4711.32
		</subfield>
		<subfield code="b">
			.W37
		</subfield>
	</datafield>
	<datafield ind1="0" ind2="0" tag="245">
		<subfield code="6">
			880-01
		</subfield>
		<subfield code="a">
			Wathāʼiq tārīkhīyah lil-Kursī al-Malakī al-Anṭākī
		</subfield>
		<subfield code="h">
			[electronic resource] :
		</subfield>
		<subfield code="b">
			yataḍammanu tārīkh al-Shām wa-Filasṭīn wa-Lubnān, siyāsīyan lil-wuzarā wa-al-ḥukkām ... dīnīyan lil-Islām wa-al-Naṣrānīyah ... /
		</subfield>
		<subfield code="c">
			ʻuniyya bi-taʻlīq ḥawāshih maʻa mulḥaq jazīl al-fāʼidah Qusṭanṭīn al-Bāshā al-Mukhalliṣī.
		</subfield>
	</datafield>
	<datafield ind1="1" ind2="5" tag="246">
		<subfield code="a">
			Documents inédits pour servir à l'histoire du Patriarchate melkite d'Antioche
		</subfield>
	</datafield>
	<datafield ind1=" " ind2=" " tag="260">
		<subfield code="6">
			880-02
		</subfield>
		<subfield code="a">
			[Beirut] :
		</subfield>
		<subfield code="b">
			al-Massarah,
		</subfield>
		<subfield code="c">
			[1926]-1937.
		</subfield>
	</datafield>
	<datafield ind1=" " ind2=" " tag="300">
		<subfield code="a">
			online resource (7 v.) :
		</subfield>
		<subfield code="b">
			ill.
		</subfield>
	</datafield>
	<datafield ind1=" " ind2=" " tag="500">
		<subfield code="a">
			Part of the Arabic Collections Online (ACO) project, contributed by New York Univeristy Libraries.
		</subfield>
	</datafield>
	<datafield ind1=" " ind2=" " tag="504">
		<subfield code="a">
			Includes bibliogrpahical references and indexes.
		</subfield>
	</datafield>
	<datafield ind1="0" ind2=" " tag="505">
		<subfield code="a">
			1. al-Baṭrīyark Maksīmūs III al-Maẓlūm / Tūmā Maẓlūm -- 2. Tārīkh al-Shām, 1720-1782 / Mikhāʼīl Burayk -- 3. Khabāyā al-zawāyā min tārīkh Ṣaydnāyā / Ḥabīb Zayyāt -- 4. Tārīkh al-Shaykh Ẓāhir al-ʻUmar al-Zaydānī / Mikhāʼīl Niqūlā Ṣabbāgh -- 5. Shuhadāʼ Ḥalab / A. Kūsā -- 6. al-Ṣalīb fī al-Islām / Ḥabīb Zayyāt -- 7. Istishhād Ibrāhīm Amārah
		</subfield>
	</datafield>
	<datafield ind1=" " ind2=" " tag="533">
		<subfield code="a">
			Electronic reproduction.
		</subfield>
		<subfield code="b">
			New York, N.Y. :
		</subfield>
		<subfield code="c">
			New York University,
		</subfield>
		<subfield code="d">
			2016.
		</subfield>
		<subfield code="5">
			NNU
		</subfield>
	</datafield>
	<datafield ind1="2" ind2="0" tag="610">
		<subfield code="a">
			Catholic Church.
		</subfield>
		<subfield code="b">
			Patriarchate of Antioch (Melchite)
		</subfield>
		<subfield code="x">
			History
		</subfield>
		<subfield code="v">
			Sources.
		</subfield>
	</datafield>
	<datafield ind1=" " ind2="0" tag="651">
		<subfield code="a">
			Middle East
		</subfield>
		<subfield code="x">
			Church history
		</subfield>
		<subfield code="v">
			Sources.
		</subfield>
	</datafield>
	<datafield ind1="1" ind2=" " tag="700">
		<subfield code="6">
			880-03
		</subfield>
		<subfield code="a">
			Bacha, Constantin.
		</subfield>
	</datafield>
	<datafield ind1="2" ind2=" " tag="710">
		<subfield code="a">
			New York University.
		</subfield>
		<subfield code="b">
			Libraries.
		</subfield>
	</datafield>
	<datafield ind1="0" ind2=" " tag="730">
		<subfield code="a">
			Arabic Collections Online.
		</subfield>
	</datafield>
	<datafield ind1="0" ind2="8" tag="776">
		<subfield code="i">
			Print version:
		</subfield>
		<subfield code="t">
			Wathāʼiq tārīkhīyah lil-Kursī al-Malakī al-Anṭākī
		</subfield>
		<subfield code="w">
			(NNU)001658793
		</subfield>
		<subfield code="w">
			(DLC)75972747
		</subfield>
	</datafield>
	<datafield ind1="4" ind2="0" tag="856">
		<subfield code="u">
			http://hdl.handle.net/2333.1/kh1896c8
		</subfield>
	</datafield>
	<datafield ind1="0" ind2="0" tag="880">
		<subfield code="6">
			245-01/
		</subfield>
		<subfield code="a">
			وثائق تاريخية للكرسي الملكي الانطاكي :
		</subfield>
		<subfield code="b">
			يتضمن تاريخ الشام وفلسطين ولبنان، سياسيا للوزراء والحكام ... دينيا للاسلام والنصرانية ... /
		</subfield>
		<subfield code="c">
			عنى بتعليق حواشيه مع ملحق جزيل الغائدة قسطنطين الباشا المخلصي.
		</subfield>
	</datafield>
	<datafield ind1=" " ind2=" " tag="880">
		<subfield code="6">
			260-02/
		</subfield>
		<subfield code="a">
			[Beirut] :
		</subfield>
		<subfield code="b">
			المسرة،
		</subfield>
		<subfield code="c">
			[1926]-١٩٣٢.
		</subfield>
	</datafield>
	<datafield ind1="1" ind2=" " tag="880">
		<subfield code="6">
			700-03/
		</subfield>
		<subfield code="a">
			باشا، قسطنطين.
		</subfield>
	</datafield>
	<datafield ind1=" " ind2=" " tag="959">
		<subfield code="a">
			NNU
		</subfield>
		<subfield code="b">
			WEB
		</subfield>
		<subfield code="c">
			GENI
		</subfield>
		<subfield code="t">
			0
		</subfield>
		<subfield code="m">
			Electronic access
		</subfield>
		<subfield code="s">
			01
		</subfield>
	</datafield>
	<datafield ind1=" " ind2=" " tag="999">
		<subfield code="i">
			NNU_001658793
		</subfield>
		<subfield code="s">
			nyu_aco001698:v.3
		</subfield>
		<subfield code="e">
			(ERROR-880)
		</subfield>
	</datafield>
</record>
